@book{vtdatkap1,
  author = {Sørensen, Henrik Kragh and  Johansen, Mikkel Willum},
  year = {2022},
  title = {Invitation til de datalogiske fags videnskabsteori},
  note = {Kapitel 1},
  edition = {155},
  note = {Udleveret ifbm. VTDat 2023-24},
}

@book{vtdatkap2,
  author = {Sørensen, Henrik Kragh and  Johansen, Mikkel Willum},
  year = {2022},
  title = {Invitation til de datalogiske fags videnskabsteori},
  note = {Kapitel 2},
  edition = {155},
}

@book{vtdatkap3,
  author = {Sørensen, Henrik Kragh and  Johansen, Mikkel Willum},
  year = {2022},
  title = {Invitation til de datalogiske fags videnskabsteori},
  note = {Kapitel 3},
  edition = {155},
}

@book{vtdatkap10,
  author = {Sørensen, Henrik Kragh and  Johansen, Mikkel Willum},
  year = {2022},
  title = {Invitation til de datalogiske fags videnskabsteori},
  note = {Kapitel 10},
  edition = {155},
}

@book{vtdatkap6b,
  author = {Sørensen, Henrik Kragh and  Johansen, Mikkel Willum},
  year = 2022,
  title = {Invitation til de datalogiske fags videnskabsteori},
  note = {Kapitel 6b},
  edition = 155,
}

@book{vtdatkap9,
  author = {Sørensen, Henrik Kragh and  Johansen, Mikkel Willum},
  year = 2022,
  title = {Invitation til de datalogiske fags videnskabsteori},
  note = {Kapitel 9},
  edition = 155,
}


@article{hilgartner,
  author = {Hilgartner, Stephen},
  year= {1990},
  title = {Fraud, misconduct, and the IRB.},
}


@article{bode,
author = {Bode, Ingvild},
year = {2024},
title = {Falling under the radar: the problem of algorithmic bias and military application of AI}
}


@article{titanic,
author= {Big Datas Titanic?},
year = {2018},
title = {Johansen, M. W. and Sørensen, H. K.}}


@article{yevgeny,
author = {Seldin, Yevgeny},
year = {2023},
title = {Machine Learning The science of Selection under Uncertainty}}


@article{adam,
author = {Adam, David},
year = {2024},
title = {Lethal AI weapons are here: How can we control them?},}


@article{tay,
author = {Schwartz, Oscar},
year = {2019},
title = {In 2016, Microsoft's Racist Chatbot Revealed the Dangers of Online conversation},}

@article{poison,
author = {Dhar, Payal},
year = {2023},
title = {Protecting AI Models from "Data Poisoning" $>$ New ways to thwart backdoor control of deep learning systems},
howpublished = "\url{https://spectrum.ieee.org/ai-cybersecurity-data-poisoning}"}
